@MISC{www:kieler,
   AUTHOR= "{UNI Kiel, Real-Time and Embedded Systems group}",
   TITLE= "{KIELER webpage}",
   NOTE="http://www.informatik.uni-kiel.de/en/rtsys/kieler/",
   PUBLISHER="UNI Kiel, Real-Time and Embedded Systems group",
}

@MISC{www:ptolemy,
   AUTHOR="{UC Berkeley, EECS Dept.}",
   TITLE="{Ptolemy webpage}",
   NOTE="http://ptolemy.eecs.berkeley.edu/",
   PUBLISHER="UC Berkeley, EECS Dept.",
}

@BOOK{book:ptokeypaper,
    AUTHOR = "{J. Eker, J. Janneck, E. Lee, et al.}",
    TITLE = "Taming heterogeneity - the ptolemy approach",
    booktitle = "Proceedings of the IEEE",
    YEAR = 2003
}