%%%%%%%%%%%%%%%%%%%%%%%%%%%%
%
% See http://rtsys.informatik.uni-kiel.de/wiki/index.php/Preparing_a_Paper#pub-rts.bib:_publications_of_the_rt_group
% for guidelines on what should go here and how to format the entries.
%
% To update the group's publication web pages:
% 1. Commit this file to the SVN ("svn commit")
% 2. "make bibhtml"
% 3. Inspect the output of that make, to ensure that the latex runs did not
%    produce any errors



%%%%%%%%%%%%%%%%%%%%%%%%%%%%
%
% AAA
%

%%%%%%%%%%%%%%%%%%%%%%%%%%%%
%
% Andalam
%



@TechReport{AndalamRGT09,
  author = 	 {Sidharta Andalam and Partha Roop and Alain Girault and Claus Traulsen},
  title = 	 {{PRET-C}: A new language for programming precision timed architectures},
  institution =  {INRIA Grenoble Rh\^{o}ne-Alpes},
  year = 	 2009,
  number = 	 {6922},
  note =         {\url{http://hal.inria.fr/docs/00/39/16/21/PDF/rr.pdf}}
}




%  note = 	 {\url{http://www.ele.auckland.ac.nz/~roop/pub/2009/repp09.pdf}},
@InProceedings{AndalamRGT09a,
author = 	 {Sidharta Andalam and Partha Roop and Alain Girault and Claus Traulsen},
  title = 	 {{PRET-C}: A new language for programming precision timed architectures},
  booktitle = {Proocedings of the Workshop on Reconciling Performace with Predictability (RePP), Embedded Systems Week},
  year = 	 2009,
  address = 	 {Grenoble, France},
  month = 	 oct}


%%%%%%%%%%%%%%%%%%%%%%%%%%%%
%
%  BBB
%

%%%%%%%%%%%%%%%%%%%%%%%%%%%%
%
%  Boldt
%


% mabo 2007-02-15   
@Article{BoldtTvH07,
  author = 	 {Marian Boldt and Claus Traulsen and Reinhard von Hanxleden},
  title = 	 {Worst Case Reaction Time Analysis of Concurrent Reactive Programs},
  pages = {65--79},
  year =	 2008,
  volume = 203,
  number = 4,
  journal = {Electronic Notes in Theoretical Computer Science},
  month =	 jun,
  doi = {10.1016/j.entcs.2008.05.011},
  pdf =          {sla++p07.pdf},
  note = {Proceedings of the International Workshop on Model-Driven High-Level Programming of Embedded Systems (SLA++P'07), March 2007, Braga, Portugal}
}

% rvh 2010-02-24
@article{BoldtTvH08,
 author = {Boldt, Marian and Traulsen, Claus and von Hanxleden, Reinhard},
 title = {Compilation and worst-case reaction time analysis for multithreaded {Esterel} processing},
 journal = {EURASIP Journal on Embedded Systems},
 volume = {2008},
 year = {2008},
 issn = {1687-3955},
 pages = {1--21},
 doi = {10.1155/2008/594129},
 publisher = {Hindawi Publishing Corp.},
 address = {New York, NY, United States},
 }


%%%%%%%%%%%%%%%%%%%%%%%%%%%%
%
%  Brooks
%

@techreport{BrooksFL+08,
    Author = {Christopher Brooks and Thomas Huining Feng and Edward A. Lee and Reinhard von Hanxleden},
    Title = {Multimodeling: A Preliminary Case Study},
    Institution = {EECS Department, University of California, Berkeley},
    Year = {2008},
    Month = jan,
    url =  {http://www.eecs.berkeley.edu/Pubs/TechRpts/2008/EECS-2008-7.html},
    Number = {UCB/EECS-2008-7}
}

@techreport{BrooksFL+08a,
    Author = {Christopher Brooks and Chih-Hong Patrick Cheng and Thomas Huining Feng and Edward A. Lee and Reinhard von Hanxleden},
    Title = {Model Engineering using Multimodeling},
    Institution = {EECS Department, University of California, Berkeley},
    Year = {2008},
    Month = apr,
    url = {http://www.eecs.berkeley.edu/Pubs/TechRpts/2008/EECS-2008-39.html},
    Number = {UCB/EECS-2008-39}
}

@InProceedings{BrooksFL+08b,
    Author = {Christopher Brooks and Chih-Hong Patrick Cheng and Thomas Huining Feng and Edward A. Lee and Reinhard von Hanxleden},
    Title = {Model Engineering using Multimodeling},
  booktitle = 	 {Proceedings of the 1st International Workshop on Model Co-Evolution and Consistency Management (MCCM'08), a workshop at MODELS'08},
  year =	 2008,
  address =	 {Toulouse},
  month =	 sep,
  pdf =          {mccm08.pdf},
  urltalk = {mccm08-talk.pdf}
}


%%%%%%%%%%%%%%%%%%%%%%%%%%%%
%
%  CCC
%

%%%%%%%%%%%%%%%%%%%%%%%%%%%%
%
%  Chimani
%

@InProceedings{ChimaniGM+10,
  author = 	 {Markus Chimani and Carsten Gutwenger and Petra Mutzel and Miro Sp{\"o}nemann and Hoi-Ming Wong},
  title = 	 {Crossing Minimization and Layouts of Directed Hypergraphs with Port Constraints},
  booktitle = {Proceedings of the 18th International Symposium on Graph Drawing (GD'10)},
  publisher = {Springer},
  series = {LNCS},
  year = 2010,
  note = {To appear},
  pdf = {gd10.pdf},
  htmlnote = {The original publication will be available at \href{http://www.springerlink.com}{www.springerlink.com}.}
}


%%%%%%%%%%%%%%%%%%%%%%%%%%%%
%
%  EEE
%

%%%%%%%%%%%%%%%%%%%%%%%%%%%%
%
%  Edwards
%

% rvh 2005-07-16
@Proceedings{EdwardsHvHS05,
  editor =      {Stephen A. Edwards and Nicolas Halbwachs and Reinhard v. Hanxleden and Thomas Stauner},
  title ={SYNCHRON'09---Abstracts Collection of Dagstuhl Seminar 04491},
  year =        2005,
  month = "28~" # nov # " -- 3~" # dec,
  number =      04491,
  series =      {Dagstuhl Seminar Proceedings},
  publisher =   {Internationales Begegnungs- und Forschungszentrum (IBFI), Schloss Dagstuhl, Germany},
}



%%%%%%%%%%%%%%%%%%%%%%%%%%%%
%
%  FFF
%

%%%%%%%%%%%%%%%%%%%%%%%%%%%%
%
%  Fuhrmann
%

@InProceedings{FuhrmannKR+05,
  author = 	 {Hauke Fuhrmann and Jens Koch and J\"orn Rennhack and Reinhard von Hanxleden},
  title = 	 {The Aerospace demonstrator of {DECOS}},
  booktitle = 	 {Proceedings of the 8th International IEEE Conference on Intelligent Transportation Systems (ITSC'05)},
  year =	 2005,
  address =	 {Vienna, Austria},
  month =	 sep,
  isbn =         {0-7803-9215-9},
  pages =        {19--24},
  pdf =          {itsc05.pdf}
}

@InProceedings{FuhrmannKR+06,
  author = 	 {Hauke Fuhrmann and Jens Koch and J\"orn Rennhack and Reinhard von Hanxleden},
  title = 	 {Model-Based System Design of Time-Triggered Architectures---An avionics case study},
  booktitle = 	 {25th Digital Avionics Systems Conference (DASC'06)},
  year =	 2006,
  address =	 {Portland, OR, USA},
  month =	 oct,
  pdf =          {dasc06.pdf}
}

@InProceedings{FuhrmannGK+06,
  author =       {Hauke Fuhrmann and Hendrik Geilsdorf and Lothar Klein and Stefan Schneele},
  title =        {{System-Entwicklung basierend auf der DECOS-Architektur}},
  booktitle =    {Informationstagung Mikroelektronik ME 2006},
  year =         2006,
  address =      {Vienna, Austria},
  month =        oct,
  organization = {VIENNA-TEC},
  pages =        {139--149},
  volume =       43,
  isbn =         {3-85133-040-4},
  pdf =          {me06.pdf}
}

% only temporary, will be updated when real publication is done
@InBook{SchlagerFG+06,
  author = 	 {Martin Schlager and Hauke Fuhrmann and Hendrik Geilsdorf and Stefan Schneele and Lothar Klein and Patrice Toillon},
  editor = 	 {Erwin Schoitsch},
  title = 	 {Dependable Embedded Components and Systems---{DECOS} Technology and its Application---{DECOS} Book},
  chapter = 	 {Aerospace Demonstrator},
  publisher = 	 {DECOS Consortium},
  year = 	 {2006},
  OPTkey = 	 {},
  OPTvolume = 	 {},
  OPTnumber = 	 {},
  OPTseries = 	 {},
  OPTtype = 	 {},
  OPTaddress = 	 {},
  OPTedition = 	 {},
  OPTmonth = 	 {},
  pages = 	 {178-191},
  OPTnote = 	 {},
  OPTannote = 	 {}
}

@TechReport{FuhrmannvH09,
  author = 	 {Hauke Fuhrmann and Reinhard von Hanxleden},
  title = 	 {Enhancing Graphical Model-Based System Design---An Avionics Case Study},
  institution =  {Christian-Albrechts-Universit{\"a}t zu Kiel, Department of Computer Science},
  year = 	 2009,
  type = 	 {Technical Report},
  number = 	 0901,
  month = 	 jan,
  pdf = {report-0901.pdf}
}

@TechReport{FuhrmannvH09a,
  author = 	 {Hauke Fuhrmann and Reinhard von Hanxleden},
  title = 	 {On the Pragmatics of Model-Based Design},
  institution =  {Christian-Albrechts-Universit{\"a}t zu Kiel, Department of Computer Science},
  year = 	 2009,
  type = 	 {Technical Report},
  number = 	 0913,
  month = 	 may,
  pdf = {report-0913.pdf}
}

@InProceedings{FuhrmannvH09b,
  author = 	 {Hauke Fuhrmann and Reinhard von Hanxleden},
  title = 	 {Enhancing Graphical Model-Based System Design---An Avionics Case Study},
  booktitle = {Conjoint workshop of the {European Research Consortium for Informatics and Mathematics} ({ERCIM}) and {Dependable Embedded Components and Systems} ({DECOS}) at SAFECOMP'09},
  year = 	 2009,
  address = 	 {Hamburg, Germany},
  month = 	 sep,
  pdf = {ercim09.pdf}
}

@Misc{FuhrmannSM+09,
  author = 	 {Hauke Fuhrmann and Miro Sp{\"o}nemann and Christian Motika and Michael Matzen and Stephan Knauer and Reinhard von Hanxleden},
  title = 	 {Enhancing Graphical Modeling in {Eclipse} with {KIELER}},
  howpublished = {Poster at Eclipse Summit Europe 2009, Ludwigsburg, Germany},
  month = 	 oct,
  year = 	 2009,
  pdf = 	 {ese09-poster.pdf}
}

% rvh 2009-11-18
%   month =	 sep,
% http://dx.doi.org/10.1007/978-3-642-12566-9
@InProceedings{FuhrmannvH10,
  author = 	 {Hauke Fuhrmann and Reinhard von Hanxleden},
  title = 	 {On the Pragmatics of Model-Based Design},
  booktitle = 	 {Foundations of Computer Software. Future Trends and Techniques for Development---15th Monterey Workshop 2008, Budapest, Hungary, September 24--26, 2008, Revised Selected Papers},
  year =	 2010,
  series = {LNCS},
  volume = {6028},
 doi = {10.1007/978-3-642-12566-9_7},
  pdf = 	 {monterey08-proceedings.pdf},
  htmlnote = {The \href{http://www.springerlink.com/content/y26t42731g65n875}{original publication} is available at \href{http://www.springerlink.com}{www.springerlink.com}.}
}

@Misc{FuhrmannvH09c,
  author = 	 {Hauke Fuhrmann and Reinhard von Hanxleden},
  title = 	 {Exploring Modeling Pragmatics with Ptolemy and KIELER},
  howpublished = {Presentation at the Eighth Biennial Ptolemy Miniconference, Berkeley, CA, USA},
  month = 	 "16~" # oct,
  year = 	 2009,
  pdf = 	 {ptolemy09.pdf},
  urltalk = 	 {ptolemy09-talk.pdf},
}


% msp 2010-02-10
@InProceedings{FuhrmannSM+10,
  author = 	 {Hauke Fuhrmann and Miro Sp{\"o}nemann and Michael Matzen and Reinhard von Hanxleden},
  title = 	 {Automatic Layout and Structure-Based Editing of {UML} Diagrams},
  booktitle = 	 {Proceedings of the 1st Workshop on Model Based Engineering for Embedded Systems Design (M-BED 2010)},
  year =	 {2010},
  address =	 {Dresden},
  month =	 mar,
  pdf = 	 {mbed10.pdf}
}

@TechReport{FuhrmannvH10a,
  author = 	 {Hauke Fuhrmann and Reinhard von Hanxleden},
  title = 	 {Taming Graphical Modeling},
  institution =  {Christian-Albrechts-Universit{\"a}t zu Kiel, Department of Computer Science},
  year = 	 2010,
  type = 	 {Technical Report},
  number = 	 1003,
  month = 	 may,
  pdf = {report-1003.pdf}
}

@InProceedings{FuhrmannvH10b,
  author = 	 {Hauke Fuhrmann and Reinhard von Hanxleden},
  title = 	 {Taming Graphical Modeling},
  booktitle = {Proceedings of the {ACM/IEEE} 13th International Conference on Model Driven Engineering Languages and Systems ({MoDELS}'10)},
  year = 	 2010,
  series = 	 {LNCS},
  address = 	 {Oslo, Norway},
  month = 	 oct,
  publisher = {Springer},
  pdf = {models10.pdf},
  urltalk = {models10-haf-talk.pdf}
}

%%%%%%%%%%%%%%%%%%%%%%%%%%%%
%
%  GGG
%

%%%%%%%%%%%%%%%%%%%%%%%%%%%%
%
%  G�dtke
%

% rvh 2006-07-27
@inproceedings{GaedtkeLBvH06,
  author = 	 {Sascha G\"adtke and Xin Li and Marian Boldt and Reinhard von Hanxleden},
  title = 	 {{HW/SW Co-Design for a Reactive Processor}},
  booktitle = 	 {Proceedings of the Student Poster Session at the ACM SIGPLAN/SIGBED Conference on 
Languages, Compilers, and Tools for Embedded Systems (LCTES'06)},
  address = {Ottawa, Canada},
  month =	 jun,
  year = 	 2006,
  pdf = {lctes06-sga.pdf},
  urltalk = {lctes06-sga-talk.pdf},
  note = {With accompanying \href{http://rtsys.informatik.uni-kiel.de/~biblio/downloads/papers/lctes06-sga-poster.pdf}{poster}}
}

% rvh 2007-06-08
@inproceedings{GaedtkeTvH07,
  author = 	 {Sascha G\"adtke and Claus Traulsen and Reinhard von Hanxleden},
  title = 	 {{HW/SW Co-Design for {Esterel} Processing}},
  booktitle = 	 {Proceedings of the International Conference on Hardware-Software Codesign and System Synthesis (CODES+ISSS'07)},
  address = {Salzburg, Austria},
  month =	 sep,
  year = 	 2007,
  note = {},
  pdf = {codes07.pdf},
  urltalk = {codes07-talk.pdf}
}


%%%%%%%%%%%%%%%%%%%%%%%%%%%%
%
%  HHH
%


%%%%%%%%%%%%%%%%%%%%%%%%%%%%
%
%  von Hanxleden
%

% rvh 2011-02-16
@InProceedings{vHanxleden11,
  author = 	 {Reinhard von Hanxleden and Hauke Fuhrmann and Miro Sp\"onemann},
  title = 	 {KIELER---The KIEL Integrated Environment for Layout Eclipse Rich Client},
  booktitle = 	 {Proceedings of the Design, Automation and Test in Europe University Booth (DATE'11)},
  year =	 2011,
  address =	 {Grenoble, France},
  month =	 mar,
  note = {With accompanying \href{http://rtsys.informatik.uni-kiel.de/~biblio/downloads/papers/date-ub11-poster.pdf}{poster}}
}


% rvh 2010-12-15
@Misc{vHanxleden10,
  author =   {Reinhard von Hanxleden and Hauke Fuhrmann},
  title =    {Taming Graphical Modeling},
  howpublished = {Presentation at the 17th International Open Workshop on Synchronous Programming (SYNCHRON'10), Frejus, France},
  month =    dec,
  year =     2010,
  urltalk = {synchron10-rvh-talk.pdf}
}


@InProceedings{vHanxleden09b,
author =      {Reinhard von Hanxleden},
  title =       {SyncCharts in C---A Proposal for Light-Weight, Deterministic Concurrency},
  booktitle =   {SYNCHRON'09---Proceedings of Dagstuhl Seminar 09481},
  year =        {2009},
  month = "22--27~" # nov,
  editor =      {Albert Benveniste and Stephen A. Edwards and Edward Lee and Klaus Schneider and 
Reinhard von Hanxleden},
  number =      {09481},
  series =      {Dagstuhl Seminar Proceedings},
  publisher =   {Internationales Begegnungs- und Forschungszentrum (IBFI), Schloss Dagstuhl, Germany},
  urltalk = {synchron09-talk.pdf}
}


@Proceedings{vHanxleden09c,
editor =      {Albert Benveniste and Stephen A. Edwards and Edward Lee and Klaus Schneider and 
Reinhard von Hanxleden},
  title =       {SYNCHRON'09---Proceedings of Dagstuhl Seminar 09481},
  year =        {2009},
  month = "22--27~" # nov,
  number =      {09481},
  series =      {Dagstuhl Seminar Proceedings},
  publisher =   {Internationales Begegnungs- und Forschungszentrum (IBFI), Schloss Dagstuhl, Germany}
}


%  note = {\url{http://rtsys.informatik.uni-kiel.de/~biblio/downloads/papers/report-0910.pdf}}
% rvh 2009-04-08
@TechReport{vHanxleden09,
  author = 	 {Reinhard von Hanxleden},
  title = 	 {{SyncCharts in C}},
  type =        {Technical Report},
  number =      0910,
  institution = {Christian-Albrechts-Universit{\"a}t zu Kiel, Department of Computer Science},
  year =        2009,
  month =       may,
  pdf = {report-0910.pdf}
}


% rvh: 2009-08-06
@InProceedings{vHanxleden09a,
  author = 	 {Reinhard von Hanxleden},
  title = 	 {{SyncCharts in C---A Proposal for Light-Weight, Deterministic Concurrency}},
booktitle = {Proceedings of the International Conference on Embedded Software (EMSOFT'09)},
  year = 2009,
  month = oct,
  address = {Grenoble, France},
  pdf = {emsoft09.pdf}
}

% http://www.ercim.org/publication/Ercim_News/EN67.pdf
% http://ercim-news.ercim.org/content/view/51/82/
@Article{vHanxledenLRS+06,
  author = 	 {Reinhard von Hanxleden and Xin Li and Partha Roop and Zoran Salcic and Li Hsien Yoong},
  title = 	 {Reactive Processing for Reactive Systems},
  journal = 	 {ERCIM News},
  year = 	 2006,
  volume =	 67,
  pages =	 {28--29},
  month =	 oct
}

%   note = {\url{http://www-verimag.imag.fr/PEOPLE/Nicolas.Halbwachs/SYNCHRON03/Abstracts/vonhanxleden.html}}
@Misc{vonHanxleden03,
  author =   {Reinhard von Hanxleden},
  title =    {Graphical Languages for Modeling Complex Reactive Systems},
  howpublished = {Presentation at the 10th Workshop on Synchronous Programming (SYNCHRON'03), Luminy, France},
  month =    dec,
  year =     2003,
  urltalk = {synchron03-rvh-talk.pdf},
}


%rvh 2003-06-04
@incollection{vonHanxleden05,
  author =   {Reinhard von Hanxleden},
  editor =   {Peter Liggesmeyer and Dieter Rombach},
  booktitle =    {Software Engineering f{\"u}r Eingebettete Systeme},
  title =    {{Modellierung Reaktiver Systeme - Statecharts und Synchrone Sprachen}},
  publisher =    {Spektrum Akademischer Verlag},
  year =     {2005}
}

% rvh 2008-08-25
% http://www.gdi.uni-bamberg.de/Synchron2007/
@Misc{vonHanxleden07,
  author =   {Reinhard von Hanxleden},
  title =    {Effcient development of Statechart models---A comparative study},
  howpublished = {Presentation at the 14th International Open Workshop on Synchronous Programming (SYNCHRON'07), Bamberg, Germany},
  month =    nov,
  year =     2007,
  urltalk = {synchron07-rvh-talk.pdf}
}

% rvh 2008
@InProceedings{vonHanxleden08,
  author = 	 {Reinhard von Hanxleden},
  title = 	 {On the Pragmatics of Model-Based Design---Position Statement},
  booktitle = 	 {Pre-Proceedings of the 15th International Monterey Workshop on Foundations of Computer Software, Future Trends and Techniques for Development},
  year =	 2008,
  address =	 {Budapest},
  month =	 sep,
  pdf = {monterey08.pdf},
  urltalk = {monterey08-talk-trans.pdf}
}

% rvh 2009-04-17
@TechReport{vonHanxledenMT08,
  author = 	 {Reinhard von Hanxleden and Michael Mendler and Claus Traulsen},
  title = 	 {{WCRT} Algebra and Scheduling Interfaces for {E}sterel-style 
                   Synchronous Multi-threading},
  type =        {Technical Report},
  number =      0807,
  institution = {Christian-Albrechts-Universit{\"a}t zu Kiel, Department of Computer Science},
  year =        2008,
  month =       jun,
  pdf =        {report-0807.pdf},
}

%%%%%%%%%%%%%%%%%%%%%%%%%%%%
%
%  KKK
%



%%%%%%%%%%%%%%%%%%%%%%%%%%%%
%
%  LLL
%

%%%%%%%%%%%%%%%%%%%%%%%%%%%%
%
%  Li
%


% rvh 2011-02-24
% http://doi.ieeecomputersociety.org/10.1109/TC.2010.246
@Article{LivH10,
  author = 	 {Xin Li and Reinhard von Hanxleden},
  title = 	 {Multi-Threaded Reactive Programming---The {Kiel Esterel Processor}},
  journal = 	 {IEEE Transactions on Computers},
  year = 	 2010,
  pdf = {tc10.pdf},
  month = dec}

% rvh 2007-03-07
@InProceedings{LivH07,
  author = 	 {Xin Li and Reinhard von Hanxleden},
  title = 	 {Light-Weight, Predictable Reactive Processing---The {Kiel Esterel Processor}},
  booktitle = 	 {Proceedings of the Design, Automation and Test in Europe University Booth (DATE'07)},
  year =	 2007,
  address =	 {Nice, France},
  month =	 apr,
  note = {With accompanying \href{http://rtsys.informatik.uni-kiel.de/~biblio/downloads/papers/date07-xli-poster.pdf}{poster}},
  pdf = {date07-xli.pdf},
  urltalk = {date07-xli-talk.pdf}
}

% rvh 2006-05-22
@InProceedings{LiBvH06,
  author = 	 {Xin Li and Marian Boldt and Reinhard von Hanxleden},
  title = 	 {Mapping {Esterel} onto a Multi-Threaded Embedded Processor},
  booktitle = 	 {Proceedings of the 12th International Conference on Architectural
               Support for Programming Languages and Operating Systems (ASPLOS'06)},
  year =	 2006,
  address =	 {San Jose, CA},
  month =	 {October 21--25},
  pdf = {asplos06.pdf},
  urltalk = {asplos06-talk.pdf}
}

% NOTE: The author order has changed - this used to be BoldtLvH06!
% jlu 2006-04-18
@TechReport{LiBvH06a,
  author =      {Xin Li and Marian Boldt and Hanxleden, Reinhard von},
  title =       {Compiling {E}sterel for a Multi-Threaded Reactive Processor},
  type =        {Technical Report},
  number =      0603,
  institution = {Christian-Albrechts-Universit{\"a}t zu Kiel, Department of Computer Science},
  year =        2006,
  month =       may,
  pdf =        {report-0603.pdf},
  note = {Revised September 2006}
}


% rvh 2005-07-16
%InProceedings{li_et_al:DSP:2005:159,
@InProceedings{LivH04,
author =      {Xin Li and Reinhard von Hanxleden},
  title =       {The {Kiel Esterel Processor} - A Semi-Custom, Configurable Reactive Processor},
  booktitle =   {Synchronous Programming - SYNCHRON'04},
  year =        {2005},
  editor =      {Stephen A. Edwards and Nicolas Halbwachs and Reinhard v. Hanxleden and Thomas Stauner},
  number =      {04491},
  series =      {Dagstuhl Seminar Proceedings},
  publisher =   {Internationales Begegnungs- und Forschungszentrum (IBFI), Schloss Dagstuhl, Germany},
  OPTaddress =  {Dagstuhl, Germany},
  url =      {http://drops.dagstuhl.de/opus/volltexte/2005/159},
  pdf = {synchron04-xli.pdf}}


% xli 2005-05-19
@TechReport{LivH05,
  author =   {Xin Li and Reinhard von Hanxleden},
  title =    {{KEP2 (Kiel Esterel Processor 2): The {E}sterel Processor}},
  type =     {Technical Report},
  number = 0506,
  institution = {Christian-Albrechts-Universit{\"a}t zu Kiel, Department of Computer Science},
  year = 2005,
  month = apr,
  pdf = {report-0506.pdf}
}

% xli 2005-05-19
@TechReport{LivH05a,
  author =   {Xin Li and Reinhard von Hanxleden},
  title =    {A Concurrent Reactive {E}sterel Processor Based on Multi-Threading},
  type =     {Technical Report},
  number = 0509,
  institution = {Christian-Albrechts-Universit{\"a}t zu Kiel, Department of Computer Science},
  year = 2005,
  month = nov,
  pdf = {report-0509.pdf}
}


@InProceedings{LivH06,
  author = 	 {Xin Li and Reinhard von Hanxleden},
  title = 	 {A Concurrent Reactive {E}sterel Processor Based on Multi-Threading},
  booktitle = 	 {Proceedings of the 21st ACM Symposium on Applied Computing (SAC'06), Special Track Embedded Systems: Applications, Solutions, and Techniques},
  year =	 2006,
  address =	 {Dijon, France},
  month =	 {April 23--27},
  pdf = {sac06.pdf},
  urltalk = {sac06-talk.pdf}
}

% rvh 2008-08-25
% http://www.inrialpes.fr/Synchron06/
@Misc{LiBvH06b,
  author =   {Xin Li and Marian Boldt and Reinhard von Hanxleden},
  title =    {Multi-Threaded Reactive Processing},
  howpublished = {Presentation at the 13th International Open Workshop on Synchronous Programming (SYNCHRON'06), L'Alpe d'Huez, France},
  month =    nov,
  year =     2006,
  urltalk = {synchron06-talk.pdf}
}


% xli 2005-08-17
@InProceedings{LiLBH+05,
  author =   {Xin Li and Jan Lukoschus and Marian Boldt and Michael Harder and Reinhard von Hanxleden},
  title =    {{An {E}sterel Processor with Full Preemption Support and its Worst Case Reaction Time Analysis}},
  booktitle = {Proceedings of the {International Conference on Compilers, Architecture, and Synthesis for Embedded Systems (CASES'05)}},
  year =     2005,
  month =    sep,
 isbn = {1-59593-149-X},
 pages = {225--236},
 doi = {10.1145/1086297.1086327},
 publisher = {ACM Press},
 address = {San Francisco, CA, USA},
 pdf = {cases05.pdf},
 urltalk = {cases05-talk-trans.pdf}
}


%%%%%%%%%%%%%%%%%%%%%%%%%%%%
%
%  Lukoschus
%

% rvh 2004-03-02
% note = {\url{http://www-verimag.imag.fr/PEOPLE/Nicolas.Halbwachs/SYNCHRON03/Abstracts/lukoschus.html}}
@Misc{LukoschusvH03,
  author =   {Jan Lukoschus and Reinhard von Hanxleden},
  title =    {Efficient Compilation of Cyclic {Esterel} Programs},
  howpublished = {Presentation at the 10th Workshop on Synchronous Programming (SYNCHRON'03), Luminy, France},
  month =    dec,
  year =     2003,
  urltalk = {synchron03-jlu-talk.pdf},
}

% rvh 2004-03-02
@TechReport{LukoschusvHE04,
  author =   {Jan Lukoschus and Reinhard von Hanxleden and Stephen Edwards},
  title =    {Efficient Compilation of Cyclic Synchronous Programs},
  type =     {Technical Report},
  number = 0402,
  institution = {Christian-Albrechts-Universit{\"a}t zu Kiel, Department of Computer Science},
  year = 2004,
  month = apr,
  pdf = {report-0402.pdf}
}

% rvh 2005-07-16
@InProceedings{LukoschusvH05c,
  author =      {Jan Lukoschus and Reinhard von Hanxleden},
  title =       {Removing Cycles in {Esterel} Programs},
  booktitle =   {Synchronous Programming - SYNCHRON'04},
  year =        {2005},
  editor =      {Stephen A. Edwards and Nicolas Halbwachs and Reinhard v. Hanxleden and Thomas Stauner},
  number =      {04491},
  series =      {Dagstuhl Seminar Proceedings},
  publisher =   {Internationales Begegnungs- und Forschungszentrum (IBFI), Schloss Dagstuhl, Germany},
  OPTaddress =  {Dagstuhl, Germany},
  OPTURL =      {http://drops.dagstuhl.de/opus/volltexte/2005/160},
  note =        {\url{http://drops.dagstuhl.de/opus/volltexte/2005/160}},
  OPTannote =   {Keywords: Synchronous Languages, compilation, cyclic circuits, constructiveness, Esterel}
}


% jlu 2005-05-09
@inproceedings{LukoschusvH05a,
  author = {Jan Lukoschus and Reinhard von Hanxleden},
  title = {Removing Cycles in {E}sterel Programs},
  booktitle = {International Workshop on Synchronous Languages, Applications and Programming (SLAP'05)},
  editor = {Florence Maraninchi and Marc Pouzet and Val\'erie Roy},
  address = {Edinburgh},
  year = {2005},
  month=         apr,
  annote =   {
    Presentation of an algorithm to resolve constructive
    cyclic dependencies in Esterel programs on the source
    code level. The program transformation is based on:
    \begin{itemize}
      \item Introduction of state signals
      \item Separation of input from cycle signals
      \item Computing signal contexts for signal emissions
      \item Iterative replacement of cyclic signal contexts by non cyclic
        signal expressions
      \item Use of the constructivity property to eliminate remaining
        cycle signals
    \end{itemize}
    An extended version is available as a
    technical report~\cite{LukoschusvH05b}.
    Keywords: Synchronous Languages, compilation, cyclic circuits,
    constructiveness, Esterel
  },
 pdf = {slap05.pdf}
}

% jlu 2005-03-17
@TechReport{LukoschusvH05b,
  author =   {Jan Lukoschus and Reinhard von Hanxleden},
  title =    {Removing Cycles in {E}sterel Programs},
  type =     {Technical Report},
  number = 0502,
  institution = {Christian-Albrechts-Universit{\"a}t zu Kiel, Department of Computer Science},
  year = 2005,
  month = mar,
  annote =   {
    Extended version of \cite{LukoschusvH05a}
  }
}

% jlu 2005-05-20
% rvh 2007-03-14: The following entry is obsolete
misc{LukoschusBHvH05,
  author    = {Jan Lukoschus and Marian Boldt and Michael Harder and Reinhard von Hanxleden},
  title     = {Worst Case Reaction Time Analysis for a Reactive Processor
  Based on {Esterel}},
  booktitle = {Submitted}
}


%   note =	 {\url{http://www.hindawi.com/getarticle.aspx?doi=10.1155/2007/48979}}
@Article{LukoschusvH07,
  author = 	 {Jan Lukoschus and Reinhard von Hanxleden},
  title = 	 {Removing Cycles in {E}sterel Programs},
  journal = 	 {EURASIP Journal on Embedded Systems, Special Issue on Synchronous Paradigms in Embedded Systems},
  year = 	 2007,
vol = 2007,
doi = {10.1155/2007/48979},
note = {Article ID 48979, 23 pages},
  OPTpages = {Article ID 48979, 23 pages}
}

%%%%%%%%%%%%%%%%%%%%%%%%%%%%
%
%  MMM
%

%%%%%%%%%%%%%%%%%%%%%%%%%%%%
%
%  Maraninchi
%

%ctr 2008-12-12
@InProceedings{MaraninchiMC+08,
  author = 	 {F. Maraninchi and M. Moy and J. Cornet and L. Maillet-Contoz and C. Helmstetter and C. Traulsen},
  title = 	 {SystemC/TLM Semantics for Heterogeneous System-on-Chip Validation},
  booktitle = {2008 Joint IEEE-NEWCAS and TAISA Conference},
  year = 	 {2008},
  address = 	 {Montreal},
  month = 	 jun,
}


%%%%%%%%%%%%%%%%%%%%%%%%%%%%
%
%  Mendler
%

%ctr 2009-01-16
@InProceedings{MendlervHT09,
  author = 	 {Michael Mendler and Reinhard von Hanxleden and Claus Traulsen},
  title = 	 {{WCRT Algebra and Interfaces for Esterel-Style Synchronous Processing}},
  booktitle = {Proceedings of the Design, Automation and Test in Europe Conference (DATE'09)},
  year = 	 2009,
  address = 	 {Nice, France},
  month = 	 apr,
  pdf = {date09.pdf},
  urltalk = {date09-talk.pdf}
}


%%%%%%%%%%%%%%%%%%%%%%%%%%%%
%
%  Motika
%

% rvh 2010-12-15
@Misc{Motika10,
  author =   {Christian Motika},
  title =    {Executing SyncCharts with Ptolemy},
  howpublished = {Presentation at the 17th International Open Workshop on Synchronous Programming (SYNCHRON'10), Frejus, France},
  month =    dec,
  year =     2010,
  urltalk = {synchron10-cmot-talk.pdf}
}


% haf 2010-02-16
@TechReport{MotikaFvH09,
  author =   {Christian Motika and Hauke Fuhrmann and Reinhard von Hanxleden},
  title =    {Semantics and Execution of Domain Specific Models},
  type =     {Technical Report},
  number = 0923,
  institution = {Christian-Albrechts-Universit{\"a}t zu Kiel, Department of Computer Science},
  year = 2009,
  month = dec,
  pdf = {report-0923.pdf}  
}

% haf 2010-06-09
@InProceedings{MotikaFvH10,
  author = 	 {Christian Motika and Hauke Fuhrmann and Reinhard von Hanxleden},
  title = 	 {Semantics and Execution of Domain Specific Models},
  booktitle = {2nd Workshop Methodische Entwicklung von Modellierungswerkzeugen (MEMWe 2010) at conference INFORMATIK 2010},
  year = 	 2010,
  series = 	 {GI-Edition -- Lecture Notes in Informatics (LNI)},
  address = 	 {Leipzig, Germany},
  month = 	 sep,
  publisher = {Bonner K{\"o}llen Verlag},
  pdf = {memwe10.pdf}
}

% haf 2011-02-18
@Misc{MotikaSF+11,
  author =   {Christian Motika and Miro Sp{\"o}nemann and Hauke Fuhrmann and Christoph Kr{\"u}ger and John Julian Carstens and Reinhard von Hanxleden},
  title =    {{KIELER} {A}ctor {O}riented {M}odeling ({KAOM})},
  howpublished = {Poster presented at 9th Biennial {P}tolemy Miniconference ({PTCONF'11}), {B}erkeley, {CA}, {USA}},
  month =    feb,
  year =     2011,
  pdf =      {ptconf11-poster.pdf}
}

%%%%%%%%%%%%%%%%%%%%%%%%%%%%
%
%  OOO
%

%%%%%%%%%%%%%%%%%%%%%%%%%%%%
%
%  PPP
%

%%%%%%%%%%%%%%%%%%%%%%%%%%%%
%
%  Prochnow
%


% rvh 2007-06-18
@InProceedings{ProchnowvH07d,
  author = 	 {Steffen Prochnow and Reinhard von Hanxleden},
  title = 	 {{Statechart} Development Beyond {WYSIWYG}},
  booktitle = {Proceedings of the ACM/IEEE 10th International Conference on Model Driven Engineering Languages and Systems (MoDELS'07)},
  year = 	 2007,
  address = 	 {Nashville, TN, USA},
  month = 	 oct,
  series = {LNCS},
  volume = {4735},
  doi = {10.1007/978-3-540-75209-7_43},
  pdf = {models07-spr.pdf},
  urltalk = {models07-spr-talk.pdf},
  htmlnote = {The \href{http://www.springerlink.com/content/437l24174k28v314}{original publication} is available at \href{http://www.springerlink.com}{www.springerlink.com}.},
}


% rvh 2007-06-18
@InProceedings{ProchnowvH07c,
  author = 	 {Steffen Prochnow and Reinhard von Hanxleden},
  title = 	 {The Use of Complex {Stateflow}-Charts with {KIEL}---An Automotive Case Study},
  booktitle = {Proceedings of 5th GI-Workshop Automotive Software Engineering (ASE'07)},
  year = 	 2007,
  address = 	 {Bremen, Germany},
  month = 	 sep,
  pdf = {ase07.pdf},
}

% note = 	 {With accompanying \href{http://www.artist-embedded.org/docs/Events/2007/CAV_ToolPlatforms/04-ProchnowvH-ArtistCAV-short-couldbelonger.pdf}{presentation}},
@InProceedings{ProchnowvH07b,
  author = 	 {Steffen Prochnow and Reinhard von Hanxleden},
  title = 	 {Enhancements of {Statechart}-Modeling---The {KIEL} Environment},
  booktitle = {Proceedings of the ARTIST 2007 International Workshop on Tool Platforms for Modeling, Analysis and Validation of Embedded Systems, held in conjunction with the 19th International Conference on Computer Aided Verification (CAV'07)},
  year = 	 2007,
  address = 	 {Berlin, Germany},
  month = 	 jul,
  urltalk = {artist07-talk.pdf}}


% rvh 2007-03-07
@InProceedings{ProchnowvH07a,
  author = 	 {Steffen Prochnow and Reinhard von Hanxleden},
  title = 	 {Enhancements of {Statechart}-Modeling---The {KIEL} Environment},
  booktitle = 	 {Proceedings of the Design, Automation and Test in Europe University Booth (DATE'07)},
  year =	 2007,
  address =	 {Nice, France},
  month =	 apr,
  note = {With accompanying \href{http://rtsys.informatik.uni-kiel.de/~biblio/downloads/papers/date07-spr-poster.pdf}{poster}},
  pdf = {date07-spr.pdf}
}


% spr 2006-09-13
@InProceedings{ProchnowSBvH06,
  author = 	 {Steffen Prochnow and Gunnar Schaefer and Ken Bell and Reinhard von Hanxleden},
  title = 	 {Analyzing Robustness of {UML State Machines}},
  booktitle = {Proceedings of the Workshop on Modeling and Analysis of Real-Time and Embedded Systems (MARTES'06), held in conjunction with the 9th International Conference on Model Driven Engineering Languages and Systems (MoDELS/UML 2006)},
  year = 	 2006,
  address = 	 {Genua, Italy},
  month = 	 oct,
  pdf = {martes06.pdf},
  urltalk = {martes06-talk.pdf}
}


% haf 2006-08-18
@InProceedings{HoehrmannFP+06,
  author =       {Stephan {H{\"o}hrmann} and Hauke Fuhrmann and Steffen Prochnow and Reinhard von Hanxleden},
  editor =    {Amund Skavhaug and Erwin Schoitsch},
  title =        {A Versatile Demonstrator for Distributed Real-Time Systems: Using a Model-Railway in Education},
  booktitle = {Proceedings of the ERCIM/DECOS Dependable Embedded Systems Workshop at Euromicro 2006},
  year =      2006,
  address =   {Cavtat/Dubrovnik, Croatia},
  month =     aug,
  pdf       = {euromicro06.pdf},
  urltalk       = {euromicro06-talk.pdf}
}



@inproceedings{ProchnowTvH06,
  author = 	 {Steffen Prochnow and Claus Traulsen and Reinhard von Hanxleden},
  title = 	 {Synthesizing {Safe State Machines} from {Esterel}},
  booktitle = 	 {Proceedings of ACM SIGPLAN/SIGBED Conference on
Languages, Compilers, and Tools for Embedded Systems (LCTES'06)},
  address = {Ottawa, Canada},
  month =	 jun,
  year = 	 2006,
  pdf = {lctes06-spr.pdf},
  urltalk = {lctes06-spr-talk.pdf}
}


@inproceedings{ProchnowvH06,
  author = 	 {Steffen Prochnow and Reinhard von Hanxleden},
  title = 	 {Comfortable Modeling of Complex Reactive Systems},
  booktitle = 	 {Proceedings of Design, Automation and Test in Europe Conference (DATE'06)},
  address = {Munich, Germany},
  month =	 mar,
  year = 	 2006,
  pdf = {date06.pdf},
  urltalk = {date06-talk.pdf}
}

% spr 2006-09-25
%   note = {\url{http://www.cs.um.edu.mt/~synchrone05/Presentations/15-SteffenProchnow.pdf}}
@Misc{ProchnowT05,
  author = 	 {Steffen Prochnow and Claus Traulsen},
  title = 	 {{KIEL}---Textual and Graphical Representations of Statecharts},
  howpublished = {Presentation at the 12th Synchronous Workshop (SYNCHRON'05), Malta},
  month =	 nov,
  year = 	 2005,
  urltalk = {synchron05-talk.pdf}
}


% rvh 2004-06-24
@TechReport{ProchnowvH04,
  author =   {Steffen Prochnow and Reinhard von Hanxleden},
  title =    {{Visualisierung komplexer reaktiver Systeme -- Annotierte Bibliographie}},
  type =     {Technical Report},
number = 0406,
institution = {Christian-Albrechts-Universit{\"a}t zu Kiel, Department of Computer Science, Kiel, Germany},
year = 2004,
month = jun,
  pdf = {report-0406.pdf}
}


%%%%%%%%%%%%%%%%%%%%%%%%%%%%
%
%  RRR
%

%%%%%%%%%%%%%%%%%%%%%%%%%%%%
%
%  Roop
%

% ctr: 2009-05-28
@TechReport{RoopAvHY+09,
  author = 	 {Partha S. Roop and Sidharta Andalam and Reinhard von Hanxleden and Simon Yuan and Claus Traulsen},
  title = 	 {Tight {WCRT} Analysis for Synchronous {C} Programs},
  type =     {Technical Report},
  number = 0912,
  institution = {Christian-Albrechts-Universit{\"a}t zu Kiel, Department of Computer Science, Kiel, Germany},
  year = 2009,
  month = may,
  pdf = {report-0912.pdf}
}

% rvh: 2009-08-06
@InProceedings{RoopAvHY+09a,
  author = 	 {Partha S. Roop and Sidharta Andalam and Reinhard von Hanxleden and Simon Yuan and Claus Traulsen},
  title = 	 {Tight {WCRT} Analysis for Synchronous {C} Programs},
booktitle = {Proceedings of the International Conference on Compilers, Architecture, and Synthesis for Embedded Systems (CASES'09)},
  year = 2009,
  month = oct,
  address = {Grenoble, France},
  pdf = {cases09.pdf}
}

%%%%%%%%%%%%%%%%%%%%%%%%%%%%
%
%  SSS
%

%%%%%%%%%%%%%%%%%%%%%%%%%%%%
%
%  Schipper
%

@InProceedings{Schipper09,
  author = 	 {Arne Schipper and Hauke Fuhrmann and Reinhard von Hanxleden},
  title = 	 {Visual Comparison of Graphical Models},
  booktitle = 	 {Proceedings of the Fourth IEEE International Workshop UML and AADL, held in conjunction with the 14th International International Conference on Engineering of Complex Computer Systems (ICECCS'09)},
  year =	 2009,
  address =	 {Potsdam, Germany},
  month =	 "2~" # jun,
  pdf = {uml-aadl09.pdf},
  urltalk = {uml-aadl09-talk.pdf},
}


%%%%%%%%%%%%%%%%%%%%%%%%%%%%
%
%  Spoenemann
%

@TechReport{SpoenemannFvH09,
  author = 	 {Miro Sp{\"o}nemann and Hauke Fuhrmann and Reinhard von Hanxleden},
  title = 	 {Automatic Layout of Data Flow Diagrams in {KIELER} and {Ptolemy II}},
  institution =  {Christian-Albrechts-Universit{\"a}t zu Kiel, Department of Computer Science},
  year = 	 2009,
  type = 	 {Technical Report},
  number = 	 0914,
  month = 	 jul,
  pdf = {report-0914.pdf}
}

@InProceedings{SpoenemannFvH+09,
  author = 	 {Miro Sp{\"o}nemann and Hauke Fuhrmann and Reinhard von Hanxleden and Petra Mutzel},
  title = 	 {Port Constraints in Hierarchical Layout of Data Flow Diagrams},
  booktitle = {Proceedings of the 17th International Symposium on Graph Drawing (GD'09)},
  publisher = {Springer},
  series = {LNCS},
  volume = {5849},
  pages = {135--146},
  year = 	 2010,
  doi = {10.1007/978-3-642-11805-0_14},
  pdf = {gd09.pdf},
  urltalk = {gd09-talk.pdf},
  htmlnote = {The \href{http://www.springerlink.com/content/r175p132n715wjw1}{original publication} is available at \href{http://www.springerlink.com}{www.springerlink.com}.}
}


%%%%%%%%%%%%%%%%%%%%%%%%%%%%
%
%  Starke
%

% rvh 2009-04-07
@TechReport{StarkeTvH09,
  author =   {Falk Starke and Claus Traulsen and Reinhard von Hanxleden},
  title =    {Executing {Safe State Machines} on a Reactive Processor},
  type =     {Technical Report},
number = 0907,
institution = {Christian-Albrechts-Universit{\"a}t zu Kiel, Department of Computer Science, Kiel, Germany},
year = 2009,
month = mar,
  pdf = {report-0907.pdf}
}



%%%%%%%%%%%%%%%%%%%%%%%%%%%%
%
%  TTT
%

%%%%%%%%%%%%%%%%%%%%%%%%%%%%
%
%  T�ubrich
%

@InProceedings{TaeubrichvH07,
  author = 	 {Jan T\"aubrich and Reinhard von Hanxleden},
  title = 	 {Formal Specification and Analysis of {AFDX} Redundancy Management Algorithms},
  booktitle = 	 {Proceedings of the 26th International Conference on Computer Safety, Reliability and Security (SAFECOMP'07)},
  year =	 2007,
  address =	 {Nuremberg, Germany},
  month =	 sep,
  series = {LNCS},
  volume = {4680},
 doi = {10.1007/978-3-540-75101-4_42},
  pdf = {safecomp07.pdf},
  htmlnote = {The \href{http://www.springerlink.com/content/t125203797311226}{original publication} is available at \href{http://www.springerlink.com}{www.springerlink.com}.}
}

%%%%%%%%%%%%%%%%%%%%%%%%%%%%
%
%  Traulsen
%

% rvh 2008-08-25
% http://www.gdi.uni-bamberg.de/Synchron2007/
@Misc{Traulsen07,
  author =   {Claus Traulsen},
  title =    {{The Kiel Reactive Processor}---Reactive Processing beyond the {KEP}},
  howpublished = {Presentation at the 14th International Open Workshop on Synchronous Programming (SYNCHRON'07), Bamberg, Germany},
  month =    nov,
  year =     2007,
  urltalk = {synchron07-ctr-talk.pdf}
}



@TechReport{TraulsenAvH10,
  author = 	 {Claus Traulsen and Torsten Amende and Reinhard von Hanxleden},
  title = 	 {Compiling {SyncCharts} to {Synchronous C}},
  institution =  {Christian-Albrechts-Universit{\"a}t zu Kiel, Department of Computer Science},
  year = 	 2010,
  OPTkey = 	 {},
  OPTtype = 	 {},
  type = 	 {Technical Report},
  number = 	 1006,
  address = 	 {Kiel, Germany},
  month = 	 jul,
  OPTnote = 	 {},
  OPTannote = 	 {},
  pdf = {report-1006.pdf}
}


% rvh 2010-12-15
@InProceedings{TraulsenAvH11,
  author = 	 {Claus Traulsen and Torsten Amende and Reinhard von Hanxleden},
  title = 	 {Compiling {SyncCharts} to {Synchronous C}},
  booktitle = {Proceedings of the Design, Automation and Test in Europe Conference (DATE'11)},
  year = 	 2011,
  address = 	 {Grenoble, France},
  month = 	 mar,
  pdf = {date11.pdf},
}

%ctr 2007-06-27
@InProceedings{TraulsenCMM07,
  author = 	 {Claus Traulsen and Jerome Cornet and Matthieu Moy and Florence Maraninchi},
  title = 	 {A {SystemC/TLM} semantics in {Promela} and its possible applications},
  booktitle = {Proceedings of the 14th Workshop on Model Checking Software  (SPIN '07)},
  year = 	 {2007},
  address = 	 {Berlin, Germany},
  month = 	 jul,
  pdf = 	 {spin07.pdf},
}

% ctr 2008-12-12
@Misc{Traulsen08,
  author =   {Claus Traulsen and Michael Mendler and Reinhard von Hanxleden},
  title =    {The Kiel Lustre Processor/WCRT Interface Algebra},
  howpublished = {Presentation at the 15th International Open Workshop on Synchronous Programming (SYNCHRON'08), Aussois, France},
  month =    dec,
  year =     2008,
  urltalk = {synchron08-talk.pdf}
}

%ctr 2009-10-22
@InProceedings{TraulsenvH10,
  author = 	 {Claus Traulsen and Reinhard von Hanxleden},
  title = 	 {Reactive Parallel Processing for Synchronous Dataflow},
  booktitle = {Proceedings of the 25th Symposium On Applied Computing (SAC'10), Special Track Embedded Systems: Applications, Solutions, and Techniques},
  year = 	 2010,
  address = 	 {Sierre, Switzerland},
  month = 	 mar,
  pdf = 	 {sac10.pdf},
}


%%%%%%%%%%%%%%%%%%%%%%%%%%%%
%
%  Tiedje
%

%ctr 2008-02-08
@InProceedings{TiedjeT08,
  author = 	 {Malte Tiedje and Claus Traulsen },
  title = 	 {Designing a Reactive Processor with {Esterel}~v7},
  booktitle = {Proceedings of the Workshop on Model-Driven High-Level Programming of Embedded Systems (SLA++P'08)},
  year = 	 2008,
  address = 	 {Budapest, Hungary},
  month = 	 apr,
  pdf = 	 {sla++p08.pdf},
  urltalk = 	 {sla++p08-talk.pdf},
}


%%%%%%%%%%%%%%%%%%%%%%%%%%%%
%
%  WWW
%

